
@misc{ wiki:reglasasociacion,
       author = "Wikipedia",
       title = "Reglas de asociación --- Wikipedia{,} La enciclopedia libre",
       year = "2023",
       url = "https://es.wikipedia.org/wiki/Reglas_de_asociaci\%C3\%B3n",
       note = "[Online; visitado 01-Febrero-2023]"
}

@book{pdf_reglas,
		author    = "Juan José Rodríguez Díez",
		title     = "4. Reglas de Asociación",
		publisher = "Universidad de Burgos",
		year      = "2019"
}

@misc{ itemsets,
       author = "Cristina Gil",
       title = "Reglas de asociación",
       year = "2020",
       url = "https://rpubs.com/Cristina_Gil/Reglas_Asociacion",
       note = "[Online; visitado 11-Febrero-2023]"
}

@misc{ wiki:apriori,
       author = "Wikipedia",
       title = "Algoritmo apriori --- Wikipedia{,} La enciclopedia libre",
       year = "2020",
       url = "https://es.wikipedia.org/wiki/Algoritmo_apriori#:~:text=El\%20algoritmo\%20a\%20priori\%20es,para\%20generar\%20reglas\%20de\%20asociaci\%C3\%B3n.",
       note = "[Online; visitado 02-Febrero-2023]"
}

@misc{ wiki:scrum,
       author = "Wikipedia",
       title = "Scrum (desarrollo de software) --- Wikipedia{,} La enciclopedia libre",
       year = "2022",
       url = "https://es.wikipedia.org/wiki/Scrum_(desarrollo_de_software)",
       note = "[Online; visitado 02-Febrero-2023]"
}

@misc{ wiki:uml,
       author = "Wikipedia",
       title = "Lenguaje unificado de modelado --- Wikipedia{,} La enciclopedia libre",
       year = "2022",
       url = "https://es.wikipedia.org/wiki/Lenguaje_unificado_de_modelado",
       note = "[Online; visitado 02-Febrero-2023]"
}

@misc{ wiki:java,
       author = "Wikipedia",
       title = "Java (lenguaje de programación) --- Wikipedia{,} La enciclopedia libre",
       year = "2023",
       url = "https://es.wikipedia.org/wiki/Java_(lenguaje_de_programaci\%C3\%B3n)",
       note = "[Online; visitado 02-Febrero-2023]"
}

@misc{ wiki:eclipse,
       author = "Wikipedia",
       title = "Eclipse (software) --- Wikipedia{,} La enciclopedia libre",
       year = "2022",
       url = "https://es.wikipedia.org/wiki/Eclipse_(software)",
       note = "[Online; visitado 02-Febrero-2023]"
}

@misc{ wiki:maven,
       author = "Wikipedia",
       title = "Maven --- Wikipedia{,} La enciclopedia libre",
       year = "2023",
       url = "https://es.wikipedia.org/wiki/Maven",
       note = "[Online; visitado 02-Febrero-2023]"
}

@misc{ wiki:weka,
       author = "Wikipedia",
       title = "Weka (aprendizaje automático) --- Wikipedia{,} La enciclopedia libre",
       year = "2020",
       url = "https://es.wikipedia.org/wiki/Weka_(aprendizaje_autom\%C3\%A1tico)",
       note = "[Online; visitado 02-Febrero-2023]"
}

@misc{ wiki:github,
       author = "Wikipedia",
       title = "GitHub --- Wikipedia{,} La enciclopedia libre",
       year = "2022",
       url = "https://es.wikipedia.org/wiki/GitHub",
       note = "[Online; visitado 02-Febrero-2023]"
}

@misc{ zenhub,
       author = "Juan Diego Polo",
       title = "GitHub",
       year = "2015",
       url = "https://wwwhatsnew.com/2015/09/24/zenhub-plataforma-de-gestion-de-proyectos-integrada-en-github-ahora-gratis-para-estudiantes/",
       note = "[Online; visitado 02-Febrero-2023]"
}

@misc{ moodle,
       author = "Moodle",
       title = "Acerca de Moodle",
       year = "2022",
       url = "https://docs.moodle.org/all/es/Acerca_de_Moodle",
       note = "[Online; visitado 02-Febrero-2023]"
}

@misc{ wiki:xml,
       author = "Wikipedia",
       title = "Extensible Markup Language --- Wikipedia{,} La enciclopedia libre",
       year = "2022",
       url = "https://es.wikipedia.org/wiki/Extensible_Markup_Language",
       note = "[Online; visitado 02-Febrero-2023]"
}

@misc{ wiki:latex,
       author = "Wikipedia",
       title = "LaTeX --- Wikipedia{,} La enciclopedia libre",
       year = "2022",
       url = "https://es.wikipedia.org/wiki/LaTeX",
       note = "[Online; visitado 02-Febrero-2023]"
}

@misc{ wiki:overleaf,
       author = "Wikipedia",
       title = "Overleaf --- Wikipedia{,} La enciclopedia libre",
       year = "2023",
       url = "https://en.wikipedia.org/wiki/Overleaf",
       note = "[Online; visitado 02-Febrero-2023]"
}

@misc{ wiki:diagrams,
       author = "Wikipedia",
       title = "Diagrams.net --- Wikipedia{,} La enciclopedia libre",
       year = "2022",
       url = "https://en.wikipedia.org/wiki/Diagrams.net",
       note = "[Online; visitado 02-Febrero-2023]"
}

@book{plquiz,
		author    = "Roberto Izquierdo Amo",
		title     = "PLQUIZ",
		publisher = "Universidad de Burgos",
		year      = "2014"
}

@book{plgram,
		author    = "Víctor Renuncio Tobar",
		title     = "PLGRAM",
		publisher = "Universidad de Burgos",
		year      = "2016"
}

@book{progdinquiz,
		author    = "Asier Alonso Morante",
		title     = "ProgDinQuiz",
		publisher = "Universidad de Burgos",
		year      = "2016"
}