@book{koza92,
		author    = "Koza, John R.",
		title     = "Genetic Programming: On the Programming of Computers by Means of Natural Selection",
		publisher = "MIT Press",
		year      = "1992"
}


@misc{ wiki:latex,
       author = "Wikipedia",
       title = "LaTeX --- Wikipedia{,} La enciclopedia libre",
       year = "2015",
       url = "https://es.wikipedia.org/w/index.php?title=LaTeX&oldid=84209252",
       note = "[Internet; descargado 30-septiembre-2015]"
}

@misc{ wiki:proyectosoftware,
       author = "Wikiversity",
       title = "Plan de proyecto software",
       year = "2014",
       url = "https://es.wikiversity.org/wiki/Plan_de_proyecto_software#:~:text=El\%20plan\%20de\%20proyecto\%20es,concretos\%20de\%20control\%20y\%20seguimiento.",
       note = "[Online; accedido 09-febrero-2023]"
}

@misc{ wiki:licence,
       author = "Open Source",
       title = "The Legal Side of Open Source",
       url = "https://opensource.guide/legal/#which-open-source-license-is-appropriate-for-my-project",
       note = "[Online; accedido 10-febrero-2023]"
}

@misc{ wiki:gpl,
       author = "GNU",
       title = "Licencias GNU",
       year = "2022",
       url = "https://www.gnu.org/licenses/licenses.html",
       note = "[Online; accedido 11-febrero-2023]"
}

@misc{ wiki:requisitos,
       author = "Wikipedia",
       title = "Especificación de requisitos",
       year = "2022",
       url = "https://es.wikipedia.org/wiki/Especificaci\%C3\%B3n_de_requisitos_de_software",
       note = "[Online; accedido 07-febrero-2023]"
}

@misc{ wiki:diseñodatos,
       title = "Diseño de datos",
       url = "http://contenidos.sucerman.com/nivel4/desarrollo/unidad2/leccion2.html",
       note = "[Online; accedido 07-febrero-2023]"
}

@misc{ wiki:diseñoprocedimentall,
       title = "Diseño procedimental",
       url = "https://bdigital.uniquindio.edu.co/bitstream/handle/001/5773/SIC11.PDF?sequence=12&isAllowed=y#:~:text=DISE\%C3\%91O\%20PROCEDIMENTAL-,El\%20dise\%C3\%B1o\%20procedimental\%20permite\%20dise\%C3\%B1ar\%20internamente\%20los\%20procedimientos\%20que\%20especifican,subm\%C3\%B3dulos\%20que\%20conforman\%20el\%20SIC.",
       note = "[Online; accedido 09-febrero-2023]"
}

@misc{ wiki:hexagonal,
       author = "Edu Salguero",
       title = "Arquitectura hexagonal",
       year = "2018",
       url = "https://medium.com/@edusalguero/arquitectura-hexagonal-59834bb44b7f",
       note = "[Online; accedido 09-febrero-2023]"
}

@misc{ wiki:jdk,
       author = "Wikipedia",
       title = "Java JDK",
       year = "2022",
       url = "https://es.wikipedia.org/wiki/Java_Development_Kit",
       note = "[Online; accedido 05-febrero-2023]"
}





